% This file was created with JabRef 2.7.2.
% Encoding: UTF8

@BOOK{RihouxRagin2009,
  title = {Configurational comparative methods: qualitative comparative analysis
	(QCA) and related techniques},
  publisher = {Sage},
  year = {2009},
  editor = {Beno√Æt Rihoux and Charles C. Ragin},
  address = {Thousand Oaks},
  month = {Aug},
  file = {RihouxRagin2009 -- Configurational Comparative Methods.pdf:Academic Book\\RihouxRagin2009 -- Configurational Comparative Methods.pdf:PDF;RihouxRagin2009 -- Configurational Comparative Method.pdf:Academic Book\\RihouxRagin2009 -- Configurational Comparative Method.pdf:PDF;RihouxRagin2009 -- Introduction.pdf:Academic Book\\RihouxRagin2009 -- Introduction.pdf:PDF;RihouxRagin2009 -- Chapter_1.pdf:Academic Book\\RihouxRagin2009 -- Chapter_1.pdf:PDF;RihouxRagin2009 -- Chapter3.pdf:journal papers key-title\\RihouxRagin2009 -- Chapter3.pdf:PDF;RihouxRagin2009 -- Chapter5.pdf:journal papers key-title\\RihouxRagin2009 -- Chapter5.pdf:PDF},
  keywords = {QCA,WP0905},
  owner = {wincent},
  timestamp = {2008.11.02}
}

